  @Article{123ggplot2,
    author = {David Kahle and Hadley Wickham},
    title = {ggmap: Spatial Visualization with ggplot2},
    journal = {The R Journal},
    year = {2013},
    volume = {5},
    number = {1},
    pages = {144--161},
    url = {https://journal.r-project.org/archive/2013-1/kahle-wickham.pdf},
  }
  
  @book{svennerberg2010beginning,
  title={Beginning Google Maps API 3},
  author={Svennerberg, Gabriel},
  year={2010},
  publisher={Apress}
  }
  
  @misc{mcm, title={2019 MCM Problem C on Mathmodels.org}, url={http://www.mathmodels.org/Problems/2019/MCM-C/index.html}, journal={Problems}, author={MCM}} 
  
  @book{higham2016matlab,
  title={MATLAB guide},
  author={Higham, Desmond J and Higham, Nicholas J},
  year={2016},
  publisher={SIAM}
}

@article{mansfield1982detecting,
  title={Detecting multicollinearity},
  author={Mansfield, Edward R and Helms, Billy P},
  journal={The American Statistician},
  volume={36},
  number={3a},
  pages={158--160},
  year={1982},
  publisher={Taylor \& Francis}
}
@book{james2013introduction,
  title={An introduction to statistical learning},
  author={James, Gareth and Witten, Daniela and Hastie, Trevor and Tibshirani, Robert},
  volume={112},
  year={2013},
  publisher={Springer}
}