  @Article{123ggplot2,
    author = {David Kahle and Hadley Wickham},
    title = {ggmap: Spatial Visualization with ggplot2},
    journal = {The R Journal},
    year = {2013},
    volume = {5},
    number = {1},
    pages = {144--161},
    url = {https://journal.r-project.org/archive/2013-1/kahle-wickham.pdf},
  }
  
  @book{svennerberg2010beginning,
  title={Beginning Google Maps API 3},
  author={Svennerberg, Gabriel},
  year={2010},
  publisher={Apress}
  }